@BOOK{ handbook_robotics,
       AUTHOR = {Siciliano, Bruno and Khatib, Oussama},
        TITLE = {Springer Handbook of Robotics},
    PUBLISHER = {Springer-Verlag},
         YEAR = {2007}
}
@BOOK{ handbook_gnss_ins,
       AUTHOR = {Teunissen, Peter and Montenbruck, Oliver},
        TITLE = {Springer handbook of global navigation satellite systems},
    PUBLISHER = {Springer},
         YEAR = {2017}
}
@ONLINE{epson_gyro,
    AUTHOR = "Â© 2021 Seiko Epson Corp.",
    TITLE = "Gyro sensors - How they work and what's ahead",
    URL  = "https://www5.epsondevice.com/en/information/technical_info/gyro/",
    ADDENDUM = "(accessed: 08. 04. 2021)"
}
@book{mems_navigation,
  title={MEMS-based integrated navigation},
  author={Aggarwal, Priyanka},
  year={2010},
  publisher={Artech House}
}